<?xml version="1.0" encoding="UTF-8"?><collection xmlns="http://www.loc.gov/MARC21/slim"><record><leader>00363nam--2200121-i-4500</leader><controlfield tag="001">000007395</controlfield><controlfield tag="002">20161230</controlfield><controlfield tag="005">20161230201027</controlfield><controlfield tag="008">060222s1000------------r-----000-0-eng-d</controlfield><datafield ind1=" " ind2=" " tag="245"><subfield code="a">Colloque sur la physique et la chimie de la fission. resumes des memoires</subfield></datafield><datafield ind1=" " ind2=" " tag="260"><subfield code="a">Salzbourg, Agence Internationale De L Energie Atomique, 1965</subfield></datafield><datafield ind1=" " ind2=" " tag="490"><subfield code="a">Div.Pag</subfield></datafield><datafield ind1=" " ind2=" " tag="852"><subfield code="a">539.17</subfield></datafield></record></collection>